<?xml version="1.0" encoding="UTF-8"?><record xmlns="http://www.loc.gov/MARC21/slim" xmlns:cinclude="http://apache.org/cocoon/include/1.0" xmlns:zs="http://www.loc.gov/zing/srw/">
  <leader>00535cz  a2200145n  4500</leader>
  <controlfield tag="001">n  88660538 </controlfield>
  <controlfield tag="003">DLC</controlfield>
  <controlfield tag="005">20141210080457.0</controlfield>
  <controlfield tag="008">880913n| azannaab           |n aaa      </controlfield>
  <datafield tag="010" ind1=" " ind2=" ">
    <subfield code="a">n  88660538 </subfield>
  </datafield>
  <datafield tag="040" ind1=" " ind2=" ">
    <subfield code="a">DLC</subfield>
    <subfield code="b">eng</subfield>
    <subfield code="e">rda</subfield>
    <subfield code="c">DLC</subfield>
    <subfield code="d">DLC</subfield>
  </datafield>
  <datafield tag="046" ind1=" " ind2=" ">
    <subfield code="f">1847</subfield>
    <subfield code="g">1910</subfield>
  </datafield>
  <datafield tag="100" ind1="1" ind2=" ">
    <subfield code="a">Hamersly, Lewis Randolph,</subfield>
    <subfield code="d">1847-1910</subfield>
  </datafield>
  <datafield tag="670" ind1=" " ind2=" ">
    <subfield code="a">nuc88-67629: His Bi-centennial annals [MI] 1882</subfield>
    <subfield code="b">(hdg. on CtY rept.: Hamersly, Lewis Randolph, 1847-1910)</subfield>
  </datafield>
  <datafield tag="670" ind1=" " ind2=" ">
    <subfield code="a">LC data base, 9/13/88</subfield>
    <subfield code="b">(hdg.: Hamersly, Lewis Randolph, 1847-1910; usage: Lewis Randolph Hamersly)</subfield>
  </datafield>
</record>